<record><leader>00000cas a2200000 a 4500</leader><controlfield tag="001">14286712</controlfield><controlfield tag="008">861001d191u191ukyuwr ne      0    0eng d</controlfield><datafield ind1=" " ind2=" " tag="010"><subfield code="a">sn 86069587 </subfield></datafield><datafield ind1=" " ind2=" " tag="040"><subfield code="a">KNP</subfield><subfield code="b">eng</subfield><subfield code="c">KNP</subfield><subfield code="d">OCL</subfield><subfield code="d">OCLCQ</subfield></datafield><datafield ind1=" " ind2=" " tag="042"><subfield code="a">msc</subfield></datafield><datafield ind1="0" ind2=" " tag="130"><subfield code="a">Commonwealth weekly (Somerset, Ky.)</subfield></datafield><datafield ind1="1" ind2="4" tag="245"><subfield code="a">The commonwealth weekly.</subfield></datafield><datafield ind1=" " ind2=" " tag="260"><subfield code="a">Somerset, Ky. :</subfield><subfield code="b">W.L. McDaniel</subfield></datafield><datafield ind1=" " ind2=" " tag="300"><subfield code="a">v. :</subfield><subfield code="b">ill.</subfield></datafield><datafield ind1=" " ind2=" " tag="310"><subfield code="a">Weekly</subfield></datafield><datafield ind1=" " ind2=" " tag="588"><subfield code="a">Description based on: Vol. 1, no. 42 (July 12, 1917).</subfield></datafield><datafield ind1=" " ind2="4" tag="651"><subfield code="a">Somerset (Ky.)</subfield><subfield code="v">Newspapers.</subfield></datafield><datafield ind1=" " ind2="4" tag="651"><subfield code="a">Pulaski County (Ky.)</subfield><subfield code="v">Newspapers.</subfield></datafield><datafield ind1=" " ind2=" " tag="752"><subfield code="a">United States</subfield><subfield code="b">Kentucky</subfield><subfield code="c">Pulaski</subfield><subfield code="d">Somerset.</subfield></datafield><datafield ind1="0" ind2="0" tag="785"><subfield code="t">Commonwealth (Somerset, Ky.)</subfield><subfield code="w">(DLC)sn 86069588</subfield></datafield><datafield ind1="1" ind2=" " tag="029"><subfield code="a">AU@</subfield><subfield code="b">000025828475</subfield></datafield></record>